@article{pascazio_all_2014,
	title = {All you ever wanted to know about the quantum {Zeno} effect in 70 minutes},
	volume = {21},
	url = {http://www.worldscientific.com/doi/pdf/10.1142/S1230161214400071},
	number = {01n02},
	urldate = {2016-11-17},
	journal = {Open Systems \& Information Dynamics},
	author = {Pascazio, Saverio},
	year = {2014},
	pages = {1440007},
	file = {1311.6645v1.pdf:/home/thomas/.mozilla/firefox/a2lhqvno.default/zotero/storage/RG6H36GV/1311.6645v1.pdf:application/pdf}
}


@article{cywinski_electron_2009,
	title = {Electron {Spin} {Dephasing} due to {Hyperfine} {Interactions} with a {Nuclear} {Spin} {Bath}},
	volume = {102},
	issn = {0031-9007, 1079-7114},
	url = {http://link.aps.org/doi/10.1103/PhysRevLett.102.057601},
	doi = {10.1103/PhysRevLett.102.057601},
	language = {en},
	number = {5},
	urldate = {2016-12-06},
	journal = {Physical Review Letters},
	author = {Cywiński, Łukasz and Witzel, Wayne M. and Das Sarma, S.},
	month = feb,
	year = {2009}
}


@article{klauser_nuclear_2008,
	title = {Nuclear spin dynamics and {Zeno} effect in quantum dots and defect centers},
	volume = {78},
	url = {http://journals.aps.org/prb/abstract/10.1103/PhysRevB.78.205301},
	number = {20},
	urldate = {2016-09-16},
	journal = {Physical Review B},
	author = {Klauser, D. and Coish, W. A. and Loss, Daniel},
	year = {2008},
	pages = {205301}
}


@article{petrov_coupled_2009,
	title = {Coupled electron-nuclear spin dynamics in quantum dots: {A} graded box model approach},
	volume = {80},
	issn = {1098-0121, 1550-235X},
	shorttitle = {Coupled electron-nuclear spin dynamics in quantum dots},
	url = {http://link.aps.org/doi/10.1103/PhysRevB.80.125318},
	doi = {10.1103/PhysRevB.80.125318},
	language = {en},
	number = {12},
	urldate = {2016-06-15},
	journal = {Physical Review B},
	author = {Petrov, M. Yu. and Kozlov, G. G. and Ignatiev, I. V. and Cherbunin, R. V. and Yakovlev, D. R. and Bayer, M.},
	month = sep,
	year = {2009}
}


@article{kozlov_exactly_2007,
	title = {Exactly solvable spin dynamics of an electron coupled to a large number of nuclei; the electron-nuclear spin echo in a quantum dot},
	volume = {105},
	issn = {1063-7761, 1090-6509},
	url = {http://link.springer.com/10.1134/S1063776107100159},
	doi = {10.1134/S1063776107100159},
	language = {en},
	number = {4},
	urldate = {2016-05-26},
	journal = {Journal of Experimental and Theoretical Physics},
	author = {Kozlov, G. G.},
	month = oct,
	year = {2007},
	pages = {803--815}
}